
@article {positroids13,
    AUTHOR = {Ardila, Federico and Rinc\'{o}n, Felipe and Williams, Lauren},
     TITLE = {Positroids and non-crossing partitions},
   JOURNAL = {Trans. Amer. Math. Soc.},
  FJOURNAL = {Transactions of the American Mathematical Society},
    VOLUME = {368},
      YEAR = {2016},
    NUMBER = {1},
     PAGES = {337--363},
      ISSN = {0002-9947},
   MRCLASS = {05B35 (05A15 05A19 46L53)},
  MRNUMBER = {3413866},
MRREVIEWER = {Anna de Mier},
       DOI = {10.1090/tran/6331},
       NOTE = {\url{arXiv:1308.2698v2}},
}




@article {Adamo:2011pv,
    AUTHOR = {Adamo, Tim and Bullimore, Mathew and Mason, Lionel and
              Skinner, David},
     TITLE = {Scattering amplitudes and {W}ilson loops in twistor space},
   JOURNAL = {J. Phys. A},
  FJOURNAL = {Journal of Physics. A. Mathematical and Theoretical},
    VOLUME = {44},
      YEAR = {2011},
    NUMBER = {45},
     PAGES = {454008, 48},
      ISSN = {1751-8113},
   MRCLASS = {81R25 (81T18 81T60)},
  MRNUMBER = {2847079},
MRREVIEWER = {Sergio L. Cacciatori},
       DOI = {10.1088/1751-8113/44/45/454008},
       NOTE = {\url{arXiv:1104.2890}},
}


@article {wilsonloop,
    AUTHOR = {Agarwala, Susama and Marin-Amat, Eloi},
     TITLE = {Wilson loop diagrams and positroids},
   JOURNAL = {Comm. Math. Phys.},
  FJOURNAL = {Communications in Mathematical Physics},
    VOLUME = {350},
      YEAR = {2017},
    NUMBER = {2},
     PAGES = {569--601},
      ISSN = {0010-3616},
   MRCLASS = {81T13},
  MRNUMBER = {3607457},
       DOI = {10.1007/s00220-016-2659-y},
       NOTE = {\url{arXiv:1509.06150}},
}



@article {casestudy,
    AUTHOR = {Agarwala, Susama and Fryer, Si\^{a}n},
    TITLE = {A study in $\textrm{Gr}_{\geq 0}(2,6)$: from the geometric case book of {W}ilson loop diagrams and {SYM} $N=4$.},
    NOTE = {\url{arXiv:1511.06664}},
}


@article {generalcombinatoricsI,
    AUTHOR = {Agarwala, Susama and Fryer, Si\^{a}n and Yeats, Karen},
    TITLE = {Combinatorics of the geometry of {W}ilson loop diagrams {II}: {G}rassmann necklaces, dimensions, and denominators.},
    note={{\em In preparation.}}
}

@article {non-orientable,
    AUTHOR = {Agarwala, Susama and Marcott, Cameron},
    TITLE = {Wilson loops in {SYM} $N=4$ do not parametrize an orientable space},
    NOTE = {\url{arXiv:1807.05397}}
}




@article {arkani:2012nw,
    AUTHOR = {Arkani-Hamed, Nima and Bourjaily, Jacob~L. and Cachazo, Freddy and Goncharov, Alexander~B and
  Postnikov, Alexander and  Trnka, Jaroslav},
    TITLE = {Scattering amplitudes and the positive {G}rassmannian.},
    NOTE = {\url{arXiv:1212.5605}}
}

@article {Arkani-Hamed:2013kca,
    AUTHOR = {Arkani-Hamed, Nima and Trnka, Jaroslav},
     TITLE = {Into the Amplituhedron},
   JOURNAL = {JHEP},
    VOLUME = {12},
      YEAR = {2014},
    NUMBER = {182},
       NOTE = {\url{arXiv:1312.7878}},
}


@article {Arkani-Hamed:2013jha,
    AUTHOR = {Arkani-Hamed, Nima and Trnka, Jaroslav},
     TITLE = {The Amplituhedron},
   JOURNAL = {JHEP},
    VOLUME = {10},
      YEAR = {2014},
    NUMBER = {30},
       NOTE = {\url{arXiv:1312.2007}},
}




@article {Britto:2005fq,
    AUTHOR = {Britto, Ruth and Cachazo, Freddy and Feng, Bo and Witten,
              Edward},
     TITLE = {Direct proof of the tree-level scattering amplitude recursion
              relation in {Y}ang-{M}ills theory},
   JOURNAL = {Phys. Rev. Lett.},
  FJOURNAL = {Physical Review Letters},
    VOLUME = {94},
      YEAR = {2005},
    NUMBER = {18},
     PAGES = {181602, 4},
      ISSN = {0031-9007},
   MRCLASS = {81T18 (81T13)},
  MRNUMBER = {2260976},
       DOI = {10.1103/PhysRevLett.94.181602},
       NOTE = {\url{arXiv:hep-th/0501052}},
}





@article {Cachazo:2004kj,
    AUTHOR = {Cachazo, Freddy and Svrcek, Peter and Witten, Edward},
     TITLE = {M{HV} vertices and tree amplitudes in gauge theory},
   JOURNAL = {J. High Energy Phys.},
  FJOURNAL = {Journal of High Energy Physics. A SISSA Journal},
      YEAR = {2004},
    NUMBER = {9},
     PAGES = {006, 21},
      ISSN = {1126-6708},
   MRCLASS = {81T18 (81R25 81T13 81V05)},
  MRNUMBER = {2108783},
MRREVIEWER = {Sergio L. Cacciatori},
       DOI = {10.1088/1126-6708/2004/09/006},
       NOTE = {\url{arXiv:hep-th/0403047}},
}



@article {Amplituhedronsquared,
    AUTHOR = {Eden, Burkhard and Heslop, Paul and Mason, Lionel},
     TITLE = {The correlahedron},
   JOURNAL = {J. High Energy Phys.},
  FJOURNAL = {Journal of High Energy Physics},
      YEAR = {2017},
    NUMBER = {9},
     PAGES = {156, front matter+40},
      ISSN = {1126-6708},
   MRCLASS = {81T60},
  MRNUMBER = {3710458},
       DOI = {10.1007/jhep09(2017)156},
       NOTE = {\url{arxiv:1701.00453}},
}



@article {galashinlam,
    AUTHOR = {Galashin, Pavel and Lam, Thomas},
    TITLE = {Parity duality for the amplituhedron},
    NOTE = {\url{arXiv:1805.00600}}
}




@article {HeslopStewart,
    AUTHOR = {Heslop, Paul and Stewart, Alastair},
     TITLE = {The twistor {W}ilson loop and the amplituhedron},
   JOURNAL = {J. High Energy Phys.},
  FJOURNAL = {Journal of High Energy Physics},
      YEAR = {2018},
    NUMBER = {10},
     PAGES = {142, front matter+18},
      ISSN = {1126-6708},
   MRCLASS = {81T60},
  MRNUMBER = {3879742},
       DOI = {10.1007/jhep10(2018)142},
       NOTE = {\url{arXiv:1807.05921}},
}



@article {AmplituhedronDecomposition,
    AUTHOR = {Karp, Steven N. and Williams, Lauren and Zhang, Yan X.},
    TITLE = {Decompostions of amplituhedra},
    NOTE = {\url{arXiv:1708.09525}}
}






@article {Gale,
    AUTHOR = {Gale, David},
     TITLE = {Optimal assignments in an ordered set: {A}n application of
              matroid theory},
   JOURNAL = {J. Combinatorial Theory},
    VOLUME = {4},
      YEAR = {1968},
     PAGES = {176--180},
   MRCLASS = {05.35 (90.00)},
  MRNUMBER = {0227039},
MRREVIEWER = {A. Lehman},
}



@article {Oh,
    AUTHOR = {Oh, Suho},
     TITLE = {Positroids and {S}chubert matroids},
   JOURNAL = {J. Combin. Theory Ser. A},
  FJOURNAL = {Journal of Combinatorial Theory. Series A},
    VOLUME = {118},
      YEAR = {2011},
    NUMBER = {8},
     PAGES = {2426--2435},
      ISSN = {0097-3165},
   MRCLASS = {05B35 (52B40)},
  MRNUMBER = {2834184},
MRREVIEWER = {Anna de Mier},
       DOI = {10.1016/j.jcta.2011.06.006},
       NOTE = {\url{arXiv:0803.1018}},
}



@article {Postnikov,
    AUTHOR = {Postnikov, Alexander},
    TITLE = {Total positivity, {G}rassmannians, and networks},
    NOTE = {\url{arXiv:math/0609764}}
}






@article {PSpolygon,
    AUTHOR = {Przytycki, J\'{o}zef H. and Sikora, Adam S.},
     TITLE = {Polygon dissections and {E}uler, {F}uss, {K}irkman, and
              {C}ayley numbers},
   JOURNAL = {J. Combin. Theory Ser. A},
  FJOURNAL = {Journal of Combinatorial Theory. Series A},
    VOLUME = {92},
      YEAR = {2000},
    NUMBER = {1},
     PAGES = {68--76},
      ISSN = {0097-3165},
   MRCLASS = {05A10 (11B65)},
  MRNUMBER = {1783940},
MRREVIEWER = {Robert John Clarke},
       DOI = {10.1006/jcta.1999.3042},
       NOTE = {\url{arXiv:math/9811086}},
}


@book {Stanley,
    AUTHOR = {Stanley, Richard P.},
     TITLE = {Enumerative combinatorics. {V}ol. 2},
    SERIES = {Cambridge Studies in Advanced Mathematics},
    VOLUME = {62},
      NOTE = {With a foreword by Gian-Carlo Rota and appendix 1 by Sergey
              Fomin},
 PUBLISHER = {Cambridge University Press, Cambridge},
      YEAR = {1999},
     PAGES = {xii+581},
      ISBN = {0-521-56069-1; 0-521-78987-7},
   MRCLASS = {05A15 (05-02 05E05 05E10 68R05)},
  MRNUMBER = {1676282},
MRREVIEWER = {Ira Gessel},
       DOI = {10.1017/CBO9780511609589},
}



@book {Ziegler,
    AUTHOR = {Ziegler, G\"{u}nter M.},
     TITLE = {Lectures on polytopes},
    SERIES = {Graduate Texts in Mathematics},
    VOLUME = {152},
 PUBLISHER = {Springer-Verlag, New York},
      YEAR = {1995},
     PAGES = {x+370},
      ISBN = {0-387-94365-X},
   MRCLASS = {52Bxx},
  MRNUMBER = {1311028},
MRREVIEWER = {Margaret M. Bayer},
       DOI = {10.1007/978-1-4613-8431-1},
}



@book {OxleyMatroidBook,
    AUTHOR = {Oxley, James},
     TITLE = {Matroid theory},
    SERIES = {Oxford Graduate Texts in Mathematics},
    VOLUME = {21},
   EDITION = {Second},
 PUBLISHER = {Oxford University Press, Oxford},
      YEAR = {2011},
     PAGES = {xiv+684},
      ISBN = {978-0-19-960339-8},
   MRCLASS = {05-01 (05B35 90C27)},
  MRNUMBER = {2849819},
MRREVIEWER = {Maruti M. Shikare},
       DOI = {10.1093/acprof:oso/9780198566946.001.0001},
}




@article {CSZinequivalent,
    AUTHOR = {Ceballos, Cesar and Santos, Francisco and Ziegler, G\"{u}nter M.},
     TITLE = {Many non-equivalent realizations of the associahedron},
   JOURNAL = {Combinatorica},
  FJOURNAL = {Combinatorica. An International Journal on Combinatorics and
              the Theory of Computing},
    VOLUME = {35},
      YEAR = {2015},
    NUMBER = {5},
     PAGES = {513--551},
      ISSN = {0209-9683},
   MRCLASS = {52B05 (05E30 52B11)},
  MRNUMBER = {3437894},
MRREVIEWER = {Gabriel K. Cunningham},
       DOI = {10.1007/s00493-014-2959-9},
       NOTE = {\url{arxiv:1109.5544}},
}


